@misc{ex,
	author = {Global Market Isignths},
	title = {Self-Checkout System Market Size By Solution (Hardware, Software, Service), By Transaction (Cash-based, Cashless), By Model (Standalone, Wall Mounted/Countertop, Mobile), By Application (Entertainment, Healthcare, Hospitality, Retail, Travel), COVID-19 Impact Analysis, Regional Outlook, Growth Potential, Competitive Market Share \& Forecast, 2022 â€“ 2030},
	howpublished = {\url{https://www.gminsights.com/industry-analysis/self-checkout-system-market}},
	note = {Accesat: 18.04.2023}
}